@book{Sutton:1998:IRL:551283,
 author = {Sutton, Richard S. and Barto, Andrew G.},
 title = {Introduction to Reinforcement Learning},
 year = {1998},
 isbn = {0262193981},
 edition = {1st},
 publisher = {MIT Press},
 address = {Cambridge, MA, USA},
}

@article{mnih2015humanlevel,
  added-at = {2015-08-26T14:46:40.000+0200},
  author = {Mnih, Volodymyr and Kavukcuoglu, Koray and Silver, David and Rusu, Andrei A. and Veness, Joel and Bellemare, Marc G. and Graves, Alex and Riedmiller, Martin and Fidjeland, Andreas K. and Ostrovski, Georg and Petersen, Stig and Beattie, Charles and Sadik, Amir and Antonoglou, Ioannis and King, Helen and Kumaran, Dharshan and Wierstra, Daan and Legg, Shane and Hassabis, Demis},
  biburl = {https://www.bibsonomy.org/bibtex/2fb15f4471c81dc2b9edf2304cb2f7083/hotho},
  description = {Human-level control through deep reinforcement learning - nature14236.pdf},
  interhash = {eac59980357d99db87b341b61ef6645f},
  intrahash = {fb15f4471c81dc2b9edf2304cb2f7083},
  issn = {00280836},
  journal = {Nature},
  keywords = {deep learning toread},
  month = feb,
  number = 7540,
  pages = {529--533},
  publisher = {Nature Publishing Group, a division of Macmillan Publishers Limited. All Rights Reserved.},
  timestamp = {2015-08-26T14:46:40.000+0200},
  title = {Human-level control through deep reinforcement learning},
  url = {http://dx.doi.org/10.1038/nature14236},
  volume = 518,
  year = 2015
}

@article{DBLP:journals/corr/abs-1812-00568,
  author    = {Frederik Ebert and
               Chelsea Finn and
               Sudeep Dasari and
               Annie Xie and
               Alex X. Lee and
               Sergey Levine},
  title     = {Visual Foresight: Model-Based Deep Reinforcement Learning for Vision-Based
               Robotic Control},
  journal   = {CoRR},
  volume    = {abs/1812.00568},
  year      = {2018},
  url       = {http://arxiv.org/abs/1812.00568},
  archivePrefix = {arXiv},
  eprint    = {1812.00568},
  timestamp = {Tue, 01 Jan 2019 15:01:25 +0100},
  biburl    = {https://dblp.org/rec/bib/journals/corr/abs-1812-00568},
  bibsource = {dblp computer science bibliography, https://dblp.org}
}

@phdthesis{ziebart2010modelingB},
   author = {Brian D. Ziebart},
   title = {Modeling Purposeful Adaptive Behavior with the Principle of
            Maximum Causal Entropy},
   year = {2010},
   month = {Dec},
   school = {Machine Learning Department, Carnegie Mellon University}
}

@inproceedings{ziebart2008maximum,
   author = {Brian D. Ziebart and Andrew Maas 
            and J. Andrew Bagnell and Anind K. Dey},
   title = {Maximum Entropy Inverse Reinforcement Learning},
   year = {2008},
   booktitle = {Proc. AAAI},
   pages = {1433--1438}
}

@article{DBLP:journals/corr/HaarnojaTAL17,
  author    = {Tuomas Haarnoja and
               Haoran Tang and
               Pieter Abbeel and
               Sergey Levine},
  title     = {Reinforcement Learning with Deep Energy-Based Policies},
  journal   = {CoRR},
  volume    = {abs/1702.08165},
  year      = {2017},
  url       = {http://arxiv.org/abs/1702.08165},
  archivePrefix = {arXiv},
  eprint    = {1702.08165},
  timestamp = {Mon, 13 Aug 2018 16:47:20 +0200},
  biburl    = {https://dblp.org/rec/bib/journals/corr/HaarnojaTAL17},
  bibsource = {dblp computer science bibliography, https://dblp.org}
}

@article{DBLP:journals/corr/MnihBMGLHSK16,
  author    = {Volodymyr Mnih and
               Adri{\`{a}} Puigdom{\`{e}}nech Badia and
               Mehdi Mirza and
               Alex Graves and
               Timothy P. Lillicrap and
               Tim Harley and
               David Silver and
               Koray Kavukcuoglu},
  title     = {Asynchronous Methods for Deep Reinforcement Learning},
  journal   = {CoRR},
  volume    = {abs/1602.01783},
  year      = {2016},
  url       = {http://arxiv.org/abs/1602.01783},
  archivePrefix = {arXiv},
  eprint    = {1602.01783},
  timestamp = {Mon, 13 Aug 2018 16:47:40 +0200},
  biburl    = {https://dblp.org/rec/bib/journals/corr/MnihBMGLHSK16},
  bibsource = {dblp computer science bibliography, https://dblp.org}
}


@article{DBLP:journals/corr/abs-1801-01290,
  author    = {Tuomas Haarnoja and
               Aurick Zhou and
               Pieter Abbeel and
               Sergey Levine},
  title     = {Soft Actor-Critic: Off-Policy Maximum Entropy Deep Reinforcement Learning
               with a Stochastic Actor},
  journal   = {CoRR},
  volume    = {abs/1801.01290},
  year      = {2018},
  url       = {http://arxiv.org/abs/1801.01290},
  archivePrefix = {arXiv},
  eprint    = {1801.01290},
  timestamp = {Mon, 13 Aug 2018 16:48:10 +0200},
  biburl    = {https://dblp.org/rec/bib/journals/corr/abs-1801-01290},
  bibsource = {dblp computer science bibliography, https://dblp.org}
}

@article{refSACapplication,
  author    = {Tuomas Haarnoja and
               Aurick Zhou and
               Kristian Hartikainen and
               George Tucker and
               Sehoon Ha and
               Jie Tan and
               Vikash Kumar and
               Henry Zhu and
               Abhishek Gupta and
               Pieter Abbeel and
               Sergey Levine},
  title     = {Soft Actor-Critic Algorithms and Applications},
  journal   = {CoRR},
  volume    = {abs/1812.05905},
  year      = {2018},
  url       = {http://arxiv.org/abs/1812.05905},
  archivePrefix = {arXiv},
  eprint    = {1812.05905},
  timestamp = {Tue, 01 Jan 2019 15:01:25 +0100},
  biburl    = {https://dblp.org/rec/bib/journals/corr/abs-1812-05905},
  bibsource = {dblp computer science bibliography, https://dblp.org}
}





@article{AntEnv,
  title={High-Dimensional Continuous Control Using Generalized Advantage Estimation},
  author={John Schulman and Philipp Moritz and Sergey Levine and Michael I. Jordan and Pieter Abbeel},
  journal={CoRR},
  year={2016},
  volume={abs/1506.02438}
}

@misc{openAIgym,
  Author = {Greg Brockman and Vicki Cheung and Ludwig Pettersson and Jonas Schneider and John Schulman and Jie Tang and Wojciech Zaremba},
  Title = {OpenAI Gym},
  Year = {2016},
  Eprint = {arXiv:1606.01540},
}

@inproceedings{todorov2012mujoco,
  title={Mujoco: A physics engine for model-based control},
  author={Todorov, Emanuel and Erez, Tom and Tassa, Yuval},
  booktitle={2012 IEEE/RSJ International Conference on Intelligent Robots and Systems},
  pages={5026--5033},
  year={2012},
  organization={IEEE}
}